<?xml version="1.0" encoding="UTF-8"?><record xmlns="http://www.loc.gov/MARC21/slim" xmlns:cinclude="http://apache.org/cocoon/include/1.0" xmlns:zs="http://www.loc.gov/zing/srw/">
  <leader>00591cz  a2200145n  4500</leader>
  <controlfield tag="001">n  92117606 </controlfield>
  <controlfield tag="003">DLC</controlfield>
  <controlfield tag="005">20120809083655.0</controlfield>
  <controlfield tag="008">921209n| acannaab           |a ana      </controlfield>
  <datafield tag="010" ind1=" " ind2=" ">
    <subfield code="a">n  92117606 </subfield>
  </datafield>
  <datafield tag="040" ind1=" " ind2=" ">
    <subfield code="a">DLC</subfield>
    <subfield code="b">eng</subfield>
    <subfield code="c">DLC</subfield>
    <subfield code="d">DLC</subfield>
  </datafield>
  <datafield tag="111" ind1="2" ind2=" ">
    <subfield code="a">CRC Driveability Workshop</subfield>
    <subfield code="d">(1990 :</subfield>
    <subfield code="c">Yakima, Wash.)</subfield>
  </datafield>
  <datafield tag="411" ind1="2" ind2=" ">
    <subfield code="a">Driveability Workshop, CRC</subfield>
  </datafield>
  <datafield tag="667" ind1=" " ind2=" ">
    <subfield code="a">THIS 1XX FIELD CANNOT BE USED UNDER RDA UNTIL THIS RECORD HAS BEEN REVIEWED AND/OR UPDATED</subfield>
  </datafield>
  <datafield tag="670" ind1=" " ind2=" ">
    <subfield code="a">Its 1990 CRC Driveability Workshop (CRC project no. CM-118-90), 1991:</subfield>
    <subfield code="b">t.p. (CRC Driveability Workshop) introd. (held 10/9-12/90, Yakima, Wash.)</subfield>
  </datafield>
</record>